<?xml version="1.0" encoding="UTF-8"?>
<collection xmlns:xsi="http://www.w3.org/2001/XMLSchema-instance" xsi:schemaLocation="http://www.loc.gov/MARC21/slim http://www.loc.gov/standards/marcxml/schema/MARC21slim.xsd" xmlns="http://www.loc.gov/MARC21/slim">
<record>
  <leader>00601cam a22002051  4500</leader>
  <controlfield tag="001">867159</controlfield>
  <controlfield tag="003">NNC</controlfield>
  <controlfield tag="005">20130423155819.0</controlfield>
  <controlfield tag="008">891012s1962    iq            000 0 ara d</controlfield>
  <datafield tag="035" ind1=" " ind2=" ">
    <subfield code="a">(OCoLC)ocm20480166</subfield>
  </datafield>
  <datafield tag="035" ind1=" " ind2=" ">
    <subfield code="9">AES0641CU</subfield>
  </datafield>
  <datafield tag="035" ind1=" " ind2=" ">
    <subfield code="a">(NNC)867159</subfield>
  </datafield>
  <datafield tag="040" ind1=" " ind2=" ">
    <subfield code="a">ZCU</subfield>
    <subfield code="c">ZCU</subfield>
  </datafield>
  <datafield tag="090" ind1=" " ind2=" ">
    <subfield code="a">B753.K54</subfield>
    <subfield code="b">Z3</subfield>
  </datafield>
  <datafield tag="100" ind1="1" ind2=" ">
    <subfield code="a">Zanjānī, ʻAbd al-Karīm.</subfield>
  </datafield>
  <datafield tag="245" ind1="0" ind2="3">
    <subfield code="a">al-Kindī, khālid bifalsafatihī, lil-imām ...</subfield>
    <subfield code="c">al-shaykh ʻAbd-al-Karīm al-Zanjānī (al-Najafī).</subfield>
  </datafield>
  <datafield tag="260" ind1=" " ind2=" ">
    <subfield code="a">[al-Najaf,</subfield>
    <subfield code="c">1382 h., 1962 m.]</subfield>
  </datafield>
  <datafield tag="300" ind1=" " ind2=" ">
    <subfield code="a">40 p.</subfield>
  </datafield>
  <datafield tag="600" ind1="0" ind2="0">
    <subfield code="a">Kindī,</subfield>
    <subfield code="d">-approximately 873.</subfield>
  </datafield>
  <datafield tag="955" ind1=" " ind2=" ">
    <subfield code="b">CU01533681</subfield>
    <subfield code="d">off,glx</subfield>
    <subfield code="e">B753.K54 Z3</subfield>
  </datafield>
</record>
</collection>